<record><leader>00000cas a2200000 a 4500</leader><controlfield tag="001">37716390</controlfield><controlfield tag="008">971001d18961897oruwr ne      0    0eng c</controlfield><datafield ind1=" " ind2=" " tag="010"><subfield code="a">sn 96088151 </subfield></datafield><datafield ind1=" " ind2=" " tag="040"><subfield code="a">OCN</subfield><subfield code="b">eng</subfield><subfield code="c">OCN</subfield><subfield code="d">OCLCQ</subfield><subfield code="d">OCLCF</subfield><subfield code="d">OCLCO</subfield></datafield><datafield ind1="1" ind2=" " tag="029"><subfield code="a">AU@</subfield><subfield code="b">000013537658</subfield></datafield><datafield ind1=" " ind2=" " tag="042"><subfield code="a">pcc</subfield></datafield><datafield ind1=" " ind2=" " tag="043"><subfield code="a">n-us-or</subfield></datafield><datafield ind1="0" ind2="0" tag="245"><subfield code="a">Washington County hatchet and Forest Grove times.</subfield></datafield><datafield ind1="1" ind2="3" tag="246"><subfield code="a">Hatchet</subfield></datafield><datafield ind1="1" ind2="7" tag="246"><subfield code="a">Washington County hatchet</subfield></datafield><datafield ind1=" " ind2=" " tag="260"><subfield code="a">Forest Grove, Or. :</subfield><subfield code="b">Hatchet Printery,</subfield><subfield code="c">1896-</subfield></datafield><datafield ind1=" " ind2=" " tag="300"><subfield code="a">v.</subfield></datafield><datafield ind1=" " ind2=" " tag="310"><subfield code="a">Weekly</subfield></datafield><datafield ind1="0" ind2=" " tag="362"><subfield code="a">Vol. 2, no. 9 (June 4, 1896)- = v. 8, no. 18-</subfield></datafield><datafield ind1="1" ind2=" " tag="362"><subfield code="a">Ceased in 1897.</subfield></datafield><datafield ind1=" " ind2=" " tag="530"><subfield code="a">Also issued on microfilm from University of Oregon.</subfield></datafield><datafield ind1=" " ind2=" " tag="580"><subfield code="a">Split into: Washington County hatchet (Forest Grove, Or.), and: Forest Grove times (Forest Grove, Or.).</subfield></datafield><datafield ind1=" " ind2="0" tag="651"><subfield code="a">Forest Grove (Or.)</subfield><subfield code="v">Newspapers.</subfield></datafield><datafield ind1=" " ind2="7" tag="655"><subfield code="a">Newspapers.</subfield><subfield code="2">fast</subfield><subfield code="0">(OCoLC)fst01423814</subfield></datafield><datafield ind1=" " ind2="7" tag="651"><subfield code="a">Oregon</subfield><subfield code="z">Forest Grove.</subfield><subfield code="2">fast</subfield><subfield code="0">(OCoLC)fst01210144</subfield></datafield><datafield ind1=" " ind2=" " tag="752"><subfield code="a">United States</subfield><subfield code="b">Oregon</subfield><subfield code="c">Washington</subfield><subfield code="d">Forest Grove.</subfield></datafield><datafield ind1="0" ind2="4" tag="780"><subfield code="t">Washington County hatchet</subfield><subfield code="w">(DLC)sn 96088150</subfield></datafield><datafield ind1="0" ind2="4" tag="780"><subfield code="t">Forest Grove times</subfield><subfield code="w">(DLC)sn 94052325</subfield></datafield><datafield ind1="1" ind2="6" tag="785"><subfield code="t">Washington County hatchet (Forest Grove, Or.)</subfield><subfield code="w">(DLC)sn 96088152</subfield></datafield><datafield ind1="1" ind2="6" tag="785"><subfield code="t">Forest Grove times (Forest Grove, Or.)</subfield><subfield code="w">(DLC)sn 96088153</subfield></datafield></record>